<?xml version="1.0" encoding="UTF-8"?><collection xmlns="http://www.loc.gov/MARC21/slim"><record><leader>00597nam--2200193-u-4500</leader><controlfield tag="001">000056724</controlfield><controlfield tag="002">20170201</controlfield><controlfield tag="005">20170202080636</controlfield><controlfield tag="008">170201s1000------------r-----000-0-fre-d</controlfield><datafield ind1=" " ind2=" " tag="040"><subfield code="a">IFIN-HH</subfield></datafield><datafield ind1="0" ind2=" " tag="041"><subfield code="a">fre</subfield></datafield><datafield ind1=" " ind2=" " tag="080"><subfield code="a">537</subfield></datafield><datafield ind1="1" ind2=" " tag="100"><subfield code="a">Hulubei, Horia</subfield></datafield><datafield ind1="1" ind2="0" tag="245"><subfield code="a">Contribution a l'etude de la diffusion quantique des rayons X</subfield><subfield code="b">Teza</subfield><subfield code="c">Horia Hulubei</subfield></datafield><datafield ind1=" " ind2=" " tag="260"><subfield code="a">Paris</subfield><subfield code="b">Masson et Cie, Editeurs</subfield><subfield code="c">1933</subfield></datafield><datafield ind1=" " ind2=" " tag="300"><subfield code="a">69p</subfield></datafield><datafield ind1=" " ind2=" " tag="502"><subfield code="a">Soutenues le Juillet 1933 devant la Commission d'examen: Mme Curie, Mm. Jean Perrin, C. Mauguin</subfield></datafield><datafield ind1=" " ind2=" " tag="852"><subfield code="a">82440</subfield><subfield code="c">537.531</subfield></datafield><datafield ind1=" " ind2=" " tag="CAT"><subfield code="a">SYS</subfield><subfield code="c">20170202</subfield><subfield code="h">080636</subfield></datafield></record></collection>